@article{huberman2016ensuring,
  title={Ensuring Trust and Security in the Industrial IoT: The Internet of Things (Ubiquity symposium)},
  author={Huberman, Bernardo A},
  journal={Ubiquity},
  volume={2016},
  number={January},
  pages={2},
  year={2016},
  publisher={ACM}
}

@techreport{miller2016honey,
  title={The honey badger of BFT protocols},
  author={Miller, Andrew and Xia, Yu and Croman, Kyle and Shi, Elaine and Song, Dawn},
  year={2016},
  institution={Cryptology ePrint Archive 2016/199}
}

@article{vanblockchain,
  title={A Blockchain Based on Gossip?--a Position Paper},
  author={van Renesse, Robbert}
}

@article{pass2016analysis,
  title={Analysis of the Blockchain Protocol in Asynchronous Networks},
  author={Pass, Rafael and Tech, Cornell and Seeman, Lior},
  year={2016}
}

@article{heilmanblindly,
  title={Blindly Signed Contracts: Anonymous On-Blockchain and Off-Blockchain Bitcoin Transactions},
  author={Heilman, Ethan and Baldimtsi, Foteini and Goldberg, Sharon}
}

@article{mcconaghy2016bigchaindb,
  title={BigchainDB: A Scalable Blockchain Database (DRAFT)},
  author={McConaghy, Trent and Marques, Rodolphe and M{\"u}ller, Andreas and De Jonghe, Dimitri and McConaghy, Troy and McMullen, Greg and Henderson, Ryan and Bellemare, Sylvain and Granzotto, Alberto},
  year={2016}
}

@article{vinothkumarbig,
  title={Big Data Analytics in Cloud Platform for Load Rebalancing With Block Chain Algorithm},
  author={Vinothkumar, M and Sowmiya, B}
}

@article{mcconaghy2014blockchain,
  title={Blockchain, Throughput, and Big Data},
  author={McConaghy, Trent},
  journal={Bitcoin Startups Berlin, Oct},
  volume={28},
  year={2014}
}

@article{linnblockchain,
  title={Blockchain For Health Data and Its Potential Use in Health IT and Health Care Related Research},
  author={Linn, Laure A and Koo, Martha B}
}

@article{dorri2016blockchain,
  title={Blockchain in internet of things: Challenges and Solutions},
  author={Dorri, Ali and Kanhere, Salil S and Jurdak, Raja},
  journal={arXiv preprint arXiv:1608.05187},
  year={2016}
}

@article{christidisblockchains,
  title={Blockchains and Smart Contracts for the Internet of Things},
  author={Christidis, Konstantinos and Devetsikiotis, Michael},
  publisher={IEEE}
}

@phdthesis{buchman2016tendermint,
  title={Tendermint: Byzantine Fault Tolerance in the Age of Blockchains},
  author={Buchman, Ethan},
  year={2016}
}

@article{abraham2016bvp,
  title={BVP: Byzantine Vertical Paxos},
  author={Abraham, Ittai and Malkhi, Dahlia},
  year={2016}
}

@misc{swanson2015consensus,
  title={Consensus-as-a-service: a brief report on the emergence of permissioned, distributed ledger systems},
  author={Swanson, Tim},
  year={2015},
  publisher={R3, Tech. Rep., 6 Apr. 2015.[Online]. Available: http://www. ofnumbers. com/2015/04/06/consensus-as-a-service-a-briefreport-on-the-emergence-of-permissioned-distributed-ledger-systems}
}

@article{chen2015decentralized,
  title={Decentralized Consensus for P2P Network with Trust Relationships},
  author={Chen, Houwu},
  journal={arXiv preprint arXiv:1501.06238},
  year={2015}
}

@article{wall2016using,
  title={Using Blockchain Technology and Smart Contracts to Create a Distributed Securities Depository},
  author={Wall, Eric and Malm, Gustaf},
  year={2016}
}

@phdthesis{trammell2014dynamic,
  title={Dynamic Protocol Stacks},
  author={Trammell-Keller, Ariane},
  year={2014},
  school={ETH ZURICH}
}

@article{back2014enabling,
  title={Enabling blockchain innovations with pegged sidechains},
  author={Back, Adam and Corallo, Matt and Dashjr, Luke and Friedenbach, Mark and Maxwell, Gregory and Miller, Andrew and Poelstra, Andrew and Tim{\'o}n, Jorge and Wuille, Pieter},
  journal={URL: http://www. opensciencereview. com/papers/123/enablingblockchain-innovations-with-pegged-sidechains},
  year={2014}
}

@article{vukolic2016eventually,
  title={Eventually Returning to Strong Consistency},
  author={Vukolic, Marko},
  journal={Data Engineering},
  pages={39},
  year={2016}
}

@article{duner2015decentralized,
  title={Decentralized communication How to send messages to unresponsive clients in a chat network},
  author={Dun{\'e}r Lundberg, Isak},
  year={2015}
}

@article{cachin2016architecture,
  title={Architecture of the Hyperledger Blockchain Fabric},
  author={Cachin, Christian},
  year={2016}
}

@article{cachin2016non,
  title={Non-determinism in Byzantine Fault-Tolerant Replication},
  author={Cachin, Christian and Schubert, Simon and Vukoli{\'c}, Marko},
  journal={arXiv preprint arXiv:1603.07351},
  year={2016}
}

@article{gramolidanger,
  title={On the Danger of Private Blockchains},
  author={Gramoli, Vincent}
}

@article{ferrer2016blockchain,
  title={The blockchain: a new framework for robotic swarm systems},
  author={Ferrer, Eduardo Castell{\'o}},
  journal={arXiv preprint arXiv:1608.00695},
  year={2016}
}

@inproceedings{xu2016blockchain,
  title={The blockchain as a software connector},
  author={Xu, Xiwei and Pautasso, Cesare and Zhu, Liming and Gramoli, Vincent and Ponomarev, Alexander and Tran, An Binh and Chen, Shiping},
  booktitle={Proceedings of the 13th Working IEEE/IFIP Conference on Software Architecture (WICSA)},
  year={2016}
}

@article{wood2014ethereum,
  title={Ethereum: A secure decentralised generalised transaction ledger},
  author={Wood, Gavin},
  journal={Ethereum Project Yellow Paper},
  year={2014}
}

@inproceedings{jacynycz2016betfunding,
  title={Betfunding: A Distributed Bounty-Based Crowdfunding Platform over Ethereum},
  author={Jacynycz, Viktor and Calvo, Adrian and Hassan, Samer and S{\'a}nchez-Ruiz, Antonio A},
  booktitle={Distributed Computing and Artificial Intelligence, 13th International Conference},
  pages={403--411},
  year={2016},
  organization={Springer}
}

@misc{nakamoto2008bitcoin,
  title={Bitcoin: A peer-to-peer electronic cash system},
  author={Nakamoto, Satoshi},
  year={2008}
}

@article{brenig2016value,
  title={VALUE OF DECENTRALIZED CONSENSUS SYSTEMS--EVALUATION FRAMEWORK},
  author={Brenig, Christian and Schwarz, Jonas and R{\"u}ckesh{\"a}user, Nadine},
  year={2016}
}

@inproceedings{sambra2016building,
  title={Building decentralized applications for the social Web},
  author={Sambra, Andrei and Guy, Amy and Capadisli, Sarven and Greco, Nicola},
  booktitle={Proceedings of the 25th International Conference Companion on World Wide Web},
  pages={1033--1034},
  year={2016},
  organization={International World Wide Web Conferences Steering Committee}
}

@article{buterin2013ethereum,
  title={Ethereum white paper: a next generation smart contract \& decentralized application platform},
  author={Buterin, Vitalik},
  journal={www3. ethereum. org Nick Szabo,《 Formalizing and Securing Relationships on Public Networks》, http://szabo. best. vwh. net/formalize. html},
  year={2013}
}

@article{koblitz2016cryptocash,
  title={Cryptocash, cryptocurrencies, and cryptocontracts},
  author={Koblitz, Neal and Menezes, Alfred J},
  journal={Designs, Codes and Cryptography},
  volume={78},
  number={1},
  pages={87--102},
  year={2016},
  publisher={Springer}
}

@article{coverpromise,
  title={The Promise of Edge Computing},
  author={COVER, CLOUD}
}

@article{zhang2014named,
  title={Named data networking},
  author={Zhang, Lixia and Afanasyev, Alexander and Burke, Jeffrey and Jacobson, Van and Crowley, Patrick and Papadopoulos, Christos and Wang, Lan and Zhang, Beichuan and others},
  journal={ACM SIGCOMM Computer Communication Review},
  volume={44},
  number={3},
  pages={66--73},
  year={2014},
  publisher={ACM}
}

@inproceedings{martins2014clickos,
  title={ClickOS and the art of network function virtualization},
  author={Martins, Joao and Ahmed, Mohamed and Raiciu, Costin and Olteanu, Vladimir and Honda, Michio and Bifulco, Roberto and Huici, Felipe},
  booktitle={Proceedings of the 11th USENIX Conference on Networked Systems Design and Implementation},
  pages={459--473},
  year={2014},
  organization={USENIX Association}
}

@article{mckeown2009software,
  title={Software-defined networking},
  author={McKeown, Nick},
  journal={INFOCOM keynote talk},
  volume={17},
  number={2},
  pages={30--32},
  year={2009}
}

@article{stojmenovic2015overview,
  title={An overview of Fog computing and its security issues},
  author={Stojmenovic, Ivan and Wen, Sheng and Huang, Xinyi and Luan, Hao},
  journal={Concurrency and Computation: Practice and Experience},
  year={2015},
  publisher={Wiley Online Library}
}

